<record><leader>00000cas a2200000 a 4500</leader><controlfield tag="001">11713289</controlfield><controlfield tag="008">850220d18971911ksuwr ne      0   a0eng d</controlfield><datafield ind1=" " ind2=" " tag="010"><subfield code="a">sn 85030093 </subfield></datafield><datafield ind1=" " ind2=" " tag="040"><subfield code="a">KSH</subfield><subfield code="b">eng</subfield><subfield code="c">KSH</subfield><subfield code="d">NPT</subfield><subfield code="d">OCL</subfield><subfield code="d">OCLCQ</subfield></datafield><datafield ind1=" " ind2=" " tag="042"><subfield code="a">msc</subfield></datafield><datafield ind1="0" ind2="0" tag="245"><subfield code="a">Lane County journal.</subfield></datafield><datafield ind1=" " ind2=" " tag="260"><subfield code="a">Dighton, Kan. :</subfield><subfield code="b">J.B. Milford,</subfield><subfield code="c">1897-1911.</subfield></datafield><datafield ind1=" " ind2=" " tag="300"><subfield code="a">17 v. :</subfield><subfield code="b">ill. ;</subfield><subfield code="c">49-55 cm.</subfield></datafield><datafield ind1=" " ind2=" " tag="310"><subfield code="a">Weekly</subfield></datafield><datafield ind1="0" ind2=" " tag="362"><subfield code="a">Vol. 1, no. 1 (Feb 11, 1897)-v. 17, no. 23 (June 9, 1911).</subfield></datafield><datafield ind1=" " ind2=" " tag="500"><subfield code="a">Publisher varies.</subfield></datafield><datafield ind1=" " ind2=" " tag="500"><subfield code="a">"Peoples Party."</subfield></datafield><datafield ind1=" " ind2=" " tag="525"><subfield code="a">Supplements included.</subfield></datafield><datafield ind1=" " ind2=" " tag="752"><subfield code="a">United States</subfield><subfield code="b">Kansas</subfield><subfield code="c">Lane</subfield><subfield code="d">Dighton.</subfield></datafield><datafield ind1="0" ind2="7" tag="785"><subfield code="t">Dighton herald (Dighton, Kan. : 1892)</subfield><subfield code="w">(DLC)sn 85030091</subfield></datafield><datafield ind1="0" ind2="7" tag="785"><subfield code="t">Journal-herald (Dighton, Kan.)</subfield><subfield code="w">(DLC)sn 85030092</subfield></datafield></record>